<ENVELOPE><HEADER>
<TALLYREQUEST>Import Data</TALLYREQUEST>
</HEADER>
<BODY>
<IMPORTDATA>
<REQUESTDESC>
<REPORTNAME>Vouchers</REPORTNAME>
<STATICVARIABLES>
<SVCURRENTCOMPANY>CSC</SVCURRENTCOMPANY>
</STATICVARIABLES>
</REQUESTDESC>
<REQUESTDATA>
<TALLYMESSAGE xmlns:UDF='TallyUDF'>
<VOUCHER  VCHTYPE='Pay Batch' ACTION='Create' OBJVIEW='Accounting Voucher View'>
<DATE>28-4-2014</DATE>
<NARRATION>Cash paid towards M/s.Shivasutha Hardwares &amp; Electrical Grinding Machine for Grinding wheel as per details enclosed to Mr.Kanagaraj D</NARRATION>
<PARTYNAME></PARTYNAME>
<VOUCHERTYPENAME>Pay Batch</VOUCHERTYPENAME>
<VOUCHERNUMBER>CSCP/0414/00490</VOUCHERNUMBER>
<REFERENCE></REFERENCE>
<PARTYLEDGERNAME></PARTYLEDGERNAME>
<BASICBASEPARTYNAME></BASICBASEPARTYNAME>
<CSTFORMISSUETYPE/>
<CSTFORMRECVTYPE/>
<FBTPAYMENTTYPE>Default</FBTPAYMENTTYPE>
<PERSISTEDVIEW>Accounting Voucher View</PERSISTEDVIEW>
<BASICBUYERNAME></BASICBUYERNAME>
<VCHGSTCLASS/>
 <ALLLEDGERENTRIES.LIST>
  <LEDGERNAME>180243</LEDGERNAME>
  <ISDEEMEDPOSITIVE>Yes</ISDEEMEDPOSITIVE>
 <ISPARTYLEDGER>No</ISPARTYLEDGER>
 <AMOUNT>-1835</AMOUNT>
<BILLALLOCATIONS.LIST>
 <NAME>NKSI/0314/00128</NAME>
  <BILLTYPE>Agst Ref</BILLTYPE>
 <AMOUNT>-1835</AMOUNT>
</BILLALLOCATIONS.LIST>
<CATEGORYALLOCATIONS.LIST>
<CATEGORY>Primary Cost Category</CATEGORY>
<COSTCENTREALLOCATIONS.LIST>
<NAME>NTC</NAME>
 <AMOUNT>-1835</AMOUNT>
</COSTCENTREALLOCATIONS.LIST>
</CATEGORYALLOCATIONS.LIST>
</ALLLEDGERENTRIES.LIST>
 <ALLLEDGERENTRIES.LIST>
  <LEDGERNAME>S04123</LEDGERNAME>
  <ISDEEMEDPOSITIVE>Yes</ISDEEMEDPOSITIVE>
 <ISPARTYLEDGER>No</ISPARTYLEDGER>
 <AMOUNT>-1835</AMOUNT>
<BILLALLOCATIONS.LIST>
 <NAME>NKSI/0314/00128</NAME>
  <BILLTYPE>Agst Ref</BILLTYPE>
 <AMOUNT>-1835</AMOUNT>
</BILLALLOCATIONS.LIST>
<CATEGORYALLOCATIONS.LIST>
<CATEGORY>Primary Cost Category</CATEGORY>
<COSTCENTREALLOCATIONS.LIST>
<NAME>NTC</NAME>
 <AMOUNT>-1835</AMOUNT>
</COSTCENTREALLOCATIONS.LIST>
</CATEGORYALLOCATIONS.LIST>
</ALLLEDGERENTRIES.LIST>
 <ALLLEDGERENTRIES.LIST>
  <LEDGERNAME>180243</LEDGERNAME>
  <ISDEEMEDPOSITIVE>No</ISDEEMEDPOSITIVE>
 <ISPARTYLEDGER>No</ISPARTYLEDGER>
 <AMOUNT>1835</AMOUNT>
<CATEGORYALLOCATIONS.LIST>
<CATEGORY>Primary Cost Category</CATEGORY>
<COSTCENTREALLOCATIONS.LIST>
<NAME>NTC</NAME>
 <AMOUNT>1835</AMOUNT>
</COSTCENTREALLOCATIONS.LIST>
   </CATEGORYALLOCATIONS.LIST>
</ALLLEDGERENTRIES.LIST>
 <ALLLEDGERENTRIES.LIST>
  <LEDGERNAME>160010</LEDGERNAME>
  <ISDEEMEDPOSITIVE>No</ISDEEMEDPOSITIVE>
 <ISPARTYLEDGER>No</ISPARTYLEDGER>
 <AMOUNT>1835</AMOUNT>
<CATEGORYALLOCATIONS.LIST>
<CATEGORY>Primary Cost Category</CATEGORY>
<COSTCENTREALLOCATIONS.LIST>
<NAME>NTC</NAME>
 <AMOUNT>1835</AMOUNT>
</COSTCENTREALLOCATIONS.LIST>
   </CATEGORYALLOCATIONS.LIST>
</ALLLEDGERENTRIES.LIST>
</VOUCHER>
</TALLYMESSAGE> 
</REQUESTDATA>
</IMPORTDATA>
</BODY>
</ENVELOPE>
