<ENVELOPE><HEADER>
<TALLYREQUEST>Import Data</TALLYREQUEST>
</HEADER>
<BODY>
<IMPORTDATA>
<REQUESTDESC>
<REPORTNAME>Vouchers</REPORTNAME>
<STATICVARIABLES>
<SVCURRENTCOMPANY>HO</SVCURRENTCOMPANY>
</STATICVARIABLES>
</REQUESTDESC>
<REQUESTDATA>
<TALLYMESSAGE xmlns:UDF='TallyUDF'>
<VOUCHER  VCHTYPE='Prepayment' ACTION='Create' OBJVIEW='Accounting Voucher View'>
<DATE>29-4-2014</DATE>
<NARRATION>Being Fund trf to M/s.Gujarat Crane & Logistics Rs.164109/- Dt:29.04.14</NARRATION>
<PARTYNAME></PARTYNAME>
<VOUCHERTYPENAME>Prepayment</VOUCHERTYPENAME>
<VOUCHERNUMBER>HOSBCA/0414/00234</VOUCHERNUMBER>
<REFERENCE></REFERENCE>
<PARTYLEDGERNAME></PARTYLEDGERNAME>
<BASICBASEPARTYNAME></BASICBASEPARTYNAME>
<CSTFORMISSUETYPE/>
<CSTFORMRECVTYPE/>
<FBTPAYMENTTYPE>Default</FBTPAYMENTTYPE>
<PERSISTEDVIEW>Accounting Voucher View</PERSISTEDVIEW>
<BASICBUYERNAME></BASICBUYERNAME>
<VCHGSTCLASS/>
 <ALLLEDGERENTRIES.LIST>
  <LEDGERNAME>S03850</LEDGERNAME>
  <ISDEEMEDPOSITIVE>Yes</ISDEEMEDPOSITIVE>
 <ISPARTYLEDGER>No</ISPARTYLEDGER>
 <AMOUNT>-164109</AMOUNT>
<BILLALLOCATIONS.LIST>
  <NAME>HOSBCA/0414/00234</NAME>
  <BILLTYPE>On Account</BILLTYPE>
 <AMOUNT>-164109</AMOUNT>
</BILLALLOCATIONS.LIST>
<CATEGORYALLOCATIONS.LIST>
<CATEGORY>Primary Cost Category</CATEGORY>
<COSTCENTREALLOCATIONS.LIST>
<NAME>NTC</NAME>
 <AMOUNT>-164109</AMOUNT>
</COSTCENTREALLOCATIONS.LIST>
</CATEGORYALLOCATIONS.LIST>
</ALLLEDGERENTRIES.LIST>
 <ALLLEDGERENTRIES.LIST>
  <LEDGERNAME>170009</LEDGERNAME>
  <ISDEEMEDPOSITIVE>No</ISDEEMEDPOSITIVE>
 <ISPARTYLEDGER>No</ISPARTYLEDGER>
 <AMOUNT>164109</AMOUNT>
<CATEGORYALLOCATIONS.LIST>
<CATEGORY>Primary Cost Category</CATEGORY>
<COSTCENTREALLOCATIONS.LIST>
<NAME>NTC</NAME>
 <AMOUNT>164109</AMOUNT>
</COSTCENTREALLOCATIONS.LIST>
   </CATEGORYALLOCATIONS.LIST>
</ALLLEDGERENTRIES.LIST>
</VOUCHER>
</TALLYMESSAGE> 
</REQUESTDATA>
</IMPORTDATA>
</BODY>
</ENVELOPE>
