<ENVELOPE><HEADER>
<TALLYREQUEST>Import Data</TALLYREQUEST>
</HEADER>
<BODY>
<IMPORTDATA>
<REQUESTDESC>
<REPORTNAME>Vouchers</REPORTNAME>
<STATICVARIABLES>
<SVCURRENTCOMPANY>NKL</SVCURRENTCOMPANY>
</STATICVARIABLES>
</REQUESTDESC>
<REQUESTDATA>
<TALLYMESSAGE xmlns:UDF='TallyUDF'>
<VOUCHER  VCHTYPE='SNP' ACTION='Create' OBJVIEW='Accounting Voucher View'>
<DATE>16-4-2014</DATE>
<NARRATION>Being Cash paid to  Murugesan.K/WM-179  towards batta a/c  Paid From  Hr55M<-5730 -18.03.2014 to  12</NARRATION>
<PARTYNAME></PARTYNAME>
<VOUCHERTYPENAME>SNP</VOUCHERTYPENAME>
<VOUCHERNUMBER>NKCP/0414/00370</VOUCHERNUMBER>
<REFERENCE></REFERENCE>
<PARTYLEDGERNAME></PARTYLEDGERNAME>
<BASICBASEPARTYNAME></BASICBASEPARTYNAME>
<CSTFORMISSUETYPE/>
<CSTFORMRECVTYPE/>
<FBTPAYMENTTYPE>Default</FBTPAYMENTTYPE>
<PERSISTEDVIEW>Accounting Voucher View</PERSISTEDVIEW>
<BASICBUYERNAME></BASICBUYERNAME>
<VCHGSTCLASS/>
 <ALLLEDGERENTRIES.LIST>
  <LEDGERNAME>211052</LEDGERNAME>
  <ISDEEMEDPOSITIVE>Yes</ISDEEMEDPOSITIVE>
 <ISPARTYLEDGER>No</ISPARTYLEDGER>
 <AMOUNT>-8858</AMOUNT>
<BILLALLOCATIONS.LIST>
  <NAME>NKCP/0414/00370</NAME>
  <BILLTYPE>On Account</BILLTYPE>
 <AMOUNT>-8858</AMOUNT>
</BILLALLOCATIONS.LIST>
<CATEGORYALLOCATIONS.LIST>
<CATEGORY>Primary Cost Category</CATEGORY>
<COSTCENTREALLOCATIONS.LIST>
<NAME>NTC</NAME>
 <AMOUNT>-8858</AMOUNT>
</COSTCENTREALLOCATIONS.LIST>
</CATEGORYALLOCATIONS.LIST>
</ALLLEDGERENTRIES.LIST>
 <ALLLEDGERENTRIES.LIST>
  <LEDGERNAME>141009</LEDGERNAME>
  <ISDEEMEDPOSITIVE>No</ISDEEMEDPOSITIVE>
 <ISPARTYLEDGER>No</ISPARTYLEDGER>
 <AMOUNT>3000</AMOUNT>
<CATEGORYALLOCATIONS.LIST>
<CATEGORY>Primary Cost Category</CATEGORY>
<COSTCENTREALLOCATIONS.LIST>
<NAME>NTC</NAME>
 <AMOUNT>3000</AMOUNT>
</COSTCENTREALLOCATIONS.LIST>
   </CATEGORYALLOCATIONS.LIST>
</ALLLEDGERENTRIES.LIST>
 <ALLLEDGERENTRIES.LIST>
  <LEDGERNAME>160002</LEDGERNAME>
  <ISDEEMEDPOSITIVE>No</ISDEEMEDPOSITIVE>
 <ISPARTYLEDGER>No</ISPARTYLEDGER>
 <AMOUNT>5858</AMOUNT>
<CATEGORYALLOCATIONS.LIST>
<CATEGORY>Primary Cost Category</CATEGORY>
<COSTCENTREALLOCATIONS.LIST>
<NAME>NTC</NAME>
 <AMOUNT>5858</AMOUNT>
</COSTCENTREALLOCATIONS.LIST>
   </CATEGORYALLOCATIONS.LIST>
</ALLLEDGERENTRIES.LIST>
</VOUCHER>
</TALLYMESSAGE> 
</REQUESTDATA>
</IMPORTDATA>
</BODY>
</ENVELOPE>
